@article{julienne2014contrasting,
  title={Contrasting the wide Feshbach resonances in Li$^6$ and Li$^7$},
  author={Julienne, Paul S and Hutson, Jeremy M},
  journal={Physical Review A},
  volume={89},
  number={5},
  pages={052715},
  year={2014},
  publisher={APS}
}

@article{morita2024magnetic,
  title={Magnetic Feshbach resonances in ultracold atom-molecule collisions},
  author={Morita, Masato and Kosicki, Maciej B and {\.Z}uchowski, Piotr S and Brumer, Paul and Tscherbul, Timur V},
  journal={Physical Review A},
  volume={110},
  number={2},
  pages={L021301},
  year={2024},
  publisher={APS}
}

@article{tscherbul2023ultracold,
  title={Ultracold molecular collisions in magnetic fields: Efficient incorporation of hyperfine structure in the total rotational angular momentum representation},
  author={Tscherbul, Timur V and D'Incao, Jose P},
  journal={Physical Review A},
  volume={108},
  number={5},
  pages={053317},
  year={2023},
  publisher={APS}
}